%@ONLINE{trs:ecommerce,
%  title={eCommerce Survey},
%  author={Tom Robertshaw},
%  howpublished={Online},
%  url={http://tomrobertshaw.net/2014/04/april-2014-ecommerce-survey/}
%}
@book{Beck:2004:EPE:1076267,
  author = {Beck, Kent and Andres, Cynthia},
  title = {Extreme Programming Explained: Embrace Change (2Nd Edition)},
  year = {2004},
  isbn = {0321278658},
  publisher = {Addison-Wesley Professional},
} 

@MANUAL{Rohner:Dok,
  title        = {Projektmanagement Dokumentation},
  author       = {M. Rohner}, 
  organization = {IHK OWL},
  month        = 1,
  year         = 2015,
  note         = {Handout im Unterricht}
}

@ONLINE{sass,
  title={SASS: Syntactically Awesome Style Sheets},
  author={Weizenbau, N. and Eppstein, C.},
  howpublished={Online},
  url={http://sass-lang.com}
  ,urldate={2016-04-05}
}

@ONLINE{redmine,
  title={Redmine: A flexible project management web application},
  author={Redmine Project},
  howpublished={Online},
  url={http://www.redmine.org}
  ,urldate={2015-06-05}
}

@ONLINE{angular,
  title={AngularJS: HTML enhanced for web apps!},
  author={Google},
  howpublished={Online},
  url={http://angularjs.org}
  ,urldate={2016-04-05}
}

@ONLINE{doctrine,
  title={Doctrine: The Doctrine Project is the home to several PHP libraries primarily focused on database storage and
    object mapping.},
  author={Doctrine Team},
  howpublished={Online},
  url={http://doctrine-project.org}
  ,urldate={2016-04-05}
}

@ONLINE{twig,
  title={TWIG: iThe flexible, fast, and secure
    template engine for PHP.},
  author={SensioLabs},
  howpublished={Online},
  url={http://twig.sensiolabs.com}
  ,urldate={2016-04-05}
}

@ONLINE{symfony,
  title={Symfony: A PHP framework for web projects},
  author={SensioLabs},
  howpublished={Online},
  url={http://symfony.com}
  ,urldate={2016-04-05}
}
@ONLINE{jQuery,
  title={jQuery: A fast, small, and feature-rich JavaScript library},
  author={jQuery Team},
  howpublished={Online},
  url={http://jquery.org}
  ,urldate={2016-04-05}
}

@ONLINE{foundation,
  title={Foundation for Apps},
  author={ZURB Inc.},
  howpublished={Online},
  url={http://foundation.zurb.com/apps.html}
  ,urldate={2016-04-05}
}


@ONLINE{purecss,
  title={Pure.css: A set of small, responsive CSS modules that you can use in every web project.},
  author={Yahoo! Inc.},
  howpublished={Online},
  url={http://purecss.io}
  ,urldate={2016-04-05}
}

@ONLINE{bootstrap,
  title={Bootstrap: A sleek, intuitive, and powerful front-end framework for faster and easier web development},
  author={Otto, M and Thornton, J.},
  howpublished={Online},
  url={http://getbootstrap.com/}
  ,urldate={2016-04-05}
}

@ONLINE{latex:whats,
  title={Textsatz und Layout mit \LaTeX},
  author={Banning, R. and Groeneveld, H. A.},
  howpublished={Online},
  url={http://psydok.sulb.uni-saarland.de/doku/gestaltung/l2ebook.pdf}
  ,urldate={2015-06-05}
}

@ONLINE{trs:ecommerce,
  title={eCommerce Survey},
  author={Tom Robertshaw},
  howpublished={Online},
  url={http://tomrobertshaw.net/2014/04/april-2014-ecommerce-survey/}
  ,urldate={2015-06-05}
}

@ONLINE{Moustakis:Web20,
  title={Website Quality Assessment Criteria},
  author={Moustakis, V. and Tsironis, L. and Litos, C.},
  howpublished={Online},
  url={http://www.researchgate.net/profile/Vassilis_Moustakis/publication/220918684_Website_Quality_Assessment_Criteria/links/0c96051af8db13013c000000.pdf}
  ,urldate={2015-06-05}
}

@ONLINE{saltation,
  title={Salatition GmbH \& Co. KG, Unternehmensvorstellung},
  author={Salation GmbH \& Co. KG},
  howpublished={Online},
  url={http://www.saltation.de/downloads/saltation.pdf}
  ,urldate={2015-06-05}
}


@ONLINE{MagentoCE,
  title={Magento Community Edition},
  author={Magento INC},
  howpublished={Online},
  url={http://www.magentocommerce.com}
  ,urldate={2015-06-05}
}

@ONLINE{solr,
  title={Lucene SOLR Enterprise Search Server},
  author={Apache SOLR Community},
  howpublished={Online},
  url={http://lucene.apache.org/solr}
  ,urldate={2015-06-05}
}


@ONLINE{Sputnik,
  title={Der Sputnikschock},
  author={Dernd Leitenberger},
  howpublished={Online},
  url={http://www.bernd-leitenberger.de/sputnikschock.shtml}
  ,urldate={2015-06-05}
}

@ONLINE{isoc:hoti,
  title={History of the Internet},
  author={Leiner (RIACS) and Cerf (CIE Google) and Clark (MIT) and Kahn (UCLA) and others},
  howpublished={Online},
  url={http://www.internetsociety.org/internet/what-internet/history-internet/brief-history-internet}
  ,urldate={2015-06-05}
}

@BOOK{MeinelSack201110, 
title={Internetworking: Technische Grundlagen und Anwendungen (X.media.press) (German Edition)},
author={Christoph Meinel and Harald Sack},
publisher={Springer},
year={2011},
month={10},
edition={2012},
isbn={9783540929390},
url={http://amazon.com/o/ASIN/3540929398/},
price={$79.99},
totalpages={978},
timestamp={2015.02.01},
}

@ONLINE{rfc:1035,
  title={DOMAIN NAMES - IMPLEMENTATION AND SPECIFICATION},
  author={ P. Mockapetris},
  year={1987},
  howpublished={Online},
  url={http://tools.ietf.org/html/rfc1035}
}

@ONLINE{rfc:1546,
  title={Host Anycasting Service},
  author={Partridge, C. and Mendez, T. and Milliken, W.},
  year={1993},
  howpublished={Online},
  url={http://tools.ietf.org/html/rfc1546}
}

@ONLINE{rfc:1034,
  title={DOMAIN NAMES - CONCEPTS AND FACILITIES},
  author={ P. Mockapetris},
  year={1987},
  howpublished={Online},
  url={http://tools.ietf.org/html/rfc1034}
}

@ONLINE{dns:dummies,
  title={The Internet Domain Name System Explained for Non-Experts},
  author={Karrenbarg, Daniel},
  year={2004},
  howpublished={PDF},
  url={http://www.internetsociety.org/sites/default/files/The%20Internet%20Domain%20Name%20System%20Explained%20for%20Non-Experts%20%28ENGLISH%29.pdf}
}
@ONLINE{sz:generic,
  title={Saufen,Zocken,Sex},
  author={Schmieder, J\"urgen},
  year={2010},
  howpublished={Online},
  url={http://sz.de/1.208225}
}

@ONLINE{icann:2012,
  title={FY13 Operating Plan and Budget},
  author={ICANN},
  year={2012},
  howpublished={PDF},
  url={https://www.icann.org/en/system/files/files/adopted-opplan-budget-fy13-24jun12-en.pdf}
}

@ONLINE{DNS:CRE,
  title={CRE099 Domain Name System},
  author={Michlick, F. and Pritlove, Tim},
  year={2008},
  howpublished={MP3},
  url={http://cre.fm/cre099-domain-name-system#t=2:52.091}
}
@ONLINE{icann:ddos,
  title={Root server attack on 6 February 2007},
  author={ICANN},
  year={2007},
  howpublished={PDF},
  url={https://www.icann.org/en/system/files/files/factsheet-dns-attack-08mar07-en.pdf}
}
@ONLINE{pics,
  title={PICS Label Distribution},
  author={Krauskopf, T. and Miller, J and Resnick, P. and Treese, W.},
  year={1996},
  howpublished={Online},
  url={http://www.w3.org/PICS/labels.html}
  }
@ONLINE{BVerfGE:83,
  title={Josefine Mutzenbacher},
  author={A. Tschentscher},
  year={2014},
  howpublished={Online},
  url={http://sorminiserv.unibe.ch:8080/tools/ainfo.exe?Command=ShowPrintText&Name=bv083130}
}

@ONLINE{rfc:3675,
  title={.sex Considered Dangerous},
  author={Eastlake, D. 3rd},
  year={2004},
  howpublished={Online},
  url={http://www.ietf.org/rfc/rfc3675.txt}
}

